% Encoding: UTF-8
@ONLINE {nxpproducts2014,
	author = "NXP Products",
	title  = "FRDM-K64F: Freedom Development Platform for KinetisÂ® K64, K63, and K24 MCUs",
	month  = "03",
	year   = "2014",
	url    = "https://www.nxp.com/products/processors-and-microcontrollers/arm-based-processors-and-mcus/kinetis-cortex-m-mcus/k-seriesperformancem4/k2x-usb/freedom-development-platform-for-kinetis-k64-k63-and-k24-mcus:FRDM-K64F"
}
@ONLINE {armlimited2015,
	author = "Arm Limited",
	title  = "FRDM-K64F",
	month  = "dec",
	year   = "2015",
	url    = "os.mbed.com/platforms/FRDM-K64F/"
}
@misc{accelLib,
	author = "Jim Carver",
	title = "FXOS8700Q",
	howpublished = {\url{https://os.mbed.com/users/JimCarver/code/FXOS8700Q/}},
	year = 2014,
	month = 05,
}

@WWW{Degges,
  author = {Randall Degges},
  title  = {ipify},
  url    = {https://www.ipify.org/},
}

@Comment{jabref-meta: databaseType:biblatex;}
