@ONLINE {nhsconnectingforhealth2019,
	author = "NHS Connecting for Health",
	title  = "Connecting for Health How we started",
	month  = "05",
	year   = "2019",
	url    = "https://webarchive.nationalarchives.gov.uk/20100716230455/http://www.connectingforhealth.nhs.uk/about/history/index_html"
}

@BOOK {frankburns1998,
	author    = "Frank Burns",
	title     = "Information for Health",
	publisher = "Chief Executives, Medical and Public Health Directors, Directors of Computing",
	year      = "1998",
	address   = "Department of Health Publications PO Box 410, Wetherby West Yorkshire LS23 7LN",
	month     = "09",
	url       = "https://webarchive.nationalarchives.gov.uk/20100711134927/http://www.dh.gov.uk/prod_consum_dh/groups/dh_digitalassets/@dh/@en/documents/digitalasset/dh_4014469.pdf"
}