@ONLINE {nxpproducts2014,
	author = "NXP Products",
	title  = "FRDM-K64F: Freedom Development Platform for KinetisÂ® K64, K63, and K24 MCUs",
	month  = "03",
	year   = "2014",
	url    = "https://www.nxp.com/products/processors-and-microcontrollers/arm-based-processors-and-mcus/kinetis-cortex-m-mcus/k-seriesperformancem4/k2x-usb/freedom-development-platform-for-kinetis-k64-k63-and-k24-mcus:FRDM-K64F"
}


