@ONLINE {CSProgrammingGuide2017,
	author = "Maira Wenzel and Bill Wagner and Luke Latham and Ron Petrusha and Matt Hoffman and Mike B and Jimmy Beaudoin",
	title  = "C# programming guide",
	month  = "05",
	year   = "2017",
	url    = "https://docs.microsoft.com/en-gb/dotnet/csharp/programming-guide/"
}


