@ONLINE {CSProgrammingGuide2017,
	author = "Maira Wenzel and Bill Wagner and Luke Latham and Ron Petrusha and Matt Hoffman and Mike B and Jimmy Beaudoin",
	title  = "C\# programming guide",
	month  = "05",
	year   = "2017",
	url    = "https://docs.microsoft.com/en-gb/dotnet/csharp/programming-guide/"
}

@ONLINE {DesignPatterns2007,
	author = "Alexander Shvets and Gerhard Frey and Marina Pavlova",
	title  = "Design Patterns",
	month  = "02",
	year   = "2007",
	url    = "https://sourcemaking.com/design_patterns"
}

@misc{dotCover2018,
	title="dotCover",
	url="https://www.jetbrains.com/dotcover/",
	author="JetBrains",
	version="2018.1",
	year="2018",
	month="04"
}

@misc{targetProcess2017,
	title="Target Process",
	url="https://www.targetprocess.com/",
	author="TargetProcess",
	year="2017",
	month="10"
}


